@misc{usecases,
    author = {Google \texttrademark},
    title = {Cenários de Utilização},
    howpublished = {\url{https://sites.google.com/site/interfacecomousuario/webquest/cenarios-de-utilizacao}},
    date = {2022}
},

@misc{sim_apps,
    author = {\href{https://onlinedoctor.com}{OnlineDoctor \texttrademark}},
    title = {Sistemas Semelhantes},
    howpublished = {\url{https://www.onlinedoctor.com/best-medicine-reminder-apps/}},
    date = {2022}
},

@misc{gforms_easymed,
    author = {Ricardo Sequeira  Diogo Guerreiro and Sebastião Pereira},
    title = {Formulário da \textit{EasyMed}},
    howpublished = {\url{https://forms.gle/BDexpVs3gSAbD4zz8}},
    date = {2022}
},

@misc{easymed,
    author = {Ricardo Sequeira  Diogo Guerreiro and Sebastião Pereira},
    title = {Repositório Git do Projeto},
    howpublished = {\url{https://github.com/rikiseca/IPB_IPC_EasyMed}},
    date = {2022}
}
